%%% Papers

@article{PetrJiri,
  author = {Petr Pospichal and Jiri Jaros},
  year = 2009,
  title = "The {GPU}-based {A}cceleration of the {G}enetic {A}lgorithm",
  journal = "Gecco '09"
}

@article{Stefano,
  author = {Stefano Debattisti and Nicola Marlat and Luca Mussi and Stefano Cagnoni},
  year = 2009,
  title = "{I}mplementation of a {S}imple {G}enetic {A}lgorithm within the {CUDA} {A}rchitecture",
  journal = "Gecco '09"
}

@article{Volkov,
  author = "Vasily Volkov",
  year = 2010,
  title = "{B}etter {P}erformance at {L}ower {O}ccupancy",
  journal = "GTC2010"
}

%%% Evolutionary Computing

@book{ winston:92ai,
  author = "Patrick Henry Winston",
  year = 1992,
  publisher = "Pearson Education",
  title = "Artificial Intelligence, 3/E" }

@book{ AnIntroductiontoGeneticAlgorithms:138,
    author = "Melanie Mitchell",
    year = "1996",
    month = "Jan",
    publisher = "MIT Press",
    title = "An Introduction to Genetic Algorithms" }

@book{ GeneticAlgorithmsDataStructuresEvolutionPrograms:142,
    author = "Zbigniew. Michalewicz",
    year = "1999",
    month = "Jun",
    publisher = "Springer",
    title = "Genetic Algorithms + Data Structures = Evolution Programs." }

@book{ AdvancesinDifferentialEvolution:147,
    author = "Uday K. Chakraborty",
    year = "2010",
    month = "Dec",
    publisher = "Springer, India, Private Ltd",
    title = "Advances in Differential Evolution" }

@book{ IntroductiontoGeneticAlgorithms:148,
    author = {S. N. Sivanandam and S. N. Deepa},
    year = "2007",
    month = "Jan",
    publisher = "Springer",
    title = "Introduction to Genetic Algorithms" }

@book{ SwarmIntelligence:IntroductionandApplications:149,
    author = {Christian Blum and Daniel Merkle},
    year = "2008",
    month = "Nov",
    publisher = "Springer",
    title = "Swarm Intelligence: Introduction and Applications" }

@book{ PracticalGeneticAlgorithms:150,
    author = {Randy L. Haupt and S. E. Haupt},
    year = "1998",
    month = "Jan",
    publisher = "John Wiley \& Sons",
    title = "Practical Genetic Algorithms" }

@book{ ApplyingComputationalIntelligence:HowtoCreateValue:393,
    author = "Arthur Kordon",
    year = "2009",
    month = "Nov",
    publisher = "Springer",
    title = "Applying Computational Intelligence: How to Create Value" }

%%% Parallel Computing

@article{moore:1965,
  author = {Moore, Gordon E.},
  journal = {Electronics},
  month = {April},
  number = 8,
  title = {Cramming more components onto integrated circuits},
  volume = 38,
  year = 1965
}

@article{SutterLunch:2005,
  author = {Sutter, Herb},
  number = 3,
  pages = {202--210},
  title = {The Free Lunch Is Over: A Fundamental Turn Toward Concurrency in Software},
  volume = 30,
  year = 2005
}

@article{SutterRevolution:2005,
  author = {Sutter, Herb and Larus, James},
  title = {Software and the Concurrency Revolution},
  journal = {Queue},
  issue_date = {September 2005},
  volume = {3},
  number = {7},
  month = sep,
  year = {2005},
  pages = {54--62},
  numpages = {9},
  publisher = {ACM},
} 

@book{ ProgrammingMassivelyParallelProcessors:AHands-OnApproach:2,
    author = {Kirk, David B. and Hwu, Wenmei W.},
    year = 2012,
    month = "Apr",
    publisher = "Elsevier Science (book series)",
    title = "Programming Massively Parallel Processors: A Hands-On Approach" }

@book{ GPUComputingGems:32,
    author = "Hwu, Wenmei W.",
    year = "2011",
    month = "Feb",
    publisher = "Morgan Kaufmann",
    title = "GPU Computing Gems Emerald Edition (Applications of GPU Computing Series)" }

@misc{ IsParallelProgrammingHardAndIfSoWhatCanYouDoAboutIt?:38,
    author = "Paul E. McKenney",
    year = "2012",
    month = "Apr",
    title = "Is Parallel Programming Hard, And, If So, What Can You Do About It?" }

@book{Pacheco:2011:IPP:1971951,
 author = {Pacheco, Peter},
 title = {An Introduction to Parallel Programming},
 year = 2011,
 isbn = 9780123742605,
 edition = {1st},
 publisher = {Morgan Kaufmann Publishers Inc.},
 address = {San Francisco, CA, USA},
}

@book{Hennessy:2006:CAF:1200662,
 author = {Hennessy, John L. and Patterson, David A.},
 title = {Computer Architecture, Fourth Edition: A Quantitative Approach},
 year = {2006},
 isbn = {0123704901},
 publisher = {Morgan Kaufmann Publishers Inc.},
} 

%%% External

@book{Dawkins1976:SelfishGene,
 title={The Selfish Gene},
 author = {Dawkins, Richard},
 isbn={9780192860927},
 lccn={89016077},
 series={Oxford paperbacks},
 url={http://books.google.com.mx/books?id=UP7khqiCBgQC},
 year={1999},
 publisher={Oxford University Press}
} 
